@online{wiki:llm,
   author = "Wikipedia",
   title = "{대형 언어 모델} --- {W}ikipedia{,} The Free Encyclopedia",
   year = "2023",
   url={https://ko.wikipedia.org/wiki/%EB%8C%80%ED%98%95_%EC%96%B8%EC%96%B4_%EB%AA%A8%EB%8D%B8},
    urldate = {2023-11-15}
}

@misc{ramesh2021zeroshot,
      title={Zero-Shot Text-to-Image Generation}, 
      author={Aditya Ramesh and Mikhail Pavlov and Gabriel Goh and Scott Gray and Chelsea Voss and Alec Radford and Mark Chen and Ilya Sutskever},
      year={2021},
      eprint={2102.12092},
      archivePrefix={arXiv},
      primaryClass={cs.CV}
}
@misc{ramesh2022hierarchical,
      title={Hierarchical Text-Conditional Image Generation with CLIP Latents}, 
      author={Aditya Ramesh and Prafulla Dhariwal and Alex Nichol and Casey Chu and Mark Chen},
      year={2022},
      eprint={2204.06125},
      archivePrefix={arXiv},
      primaryClass={cs.CV}
}
@online{novelAIDocu,
  title   = {
Image Generation - NovelAI Documentation},
  author  = {NovelAI},
  year    = {2023},
  url     = {https://docs.novelai.net/image.html},
  urldate = {2023-11-15}
}
@misc{kisa2023chatgpt,
    title={ChatGPT(챗GPT) 보안 위협과 시사점},
    author={김도원 and 김성훈 and 이재광 and 박정훈 and 김병재 and 정태인 and 최은아},
    year={2023},
    url={https://www.kisa.or.kr/20301/form?postSeq=18&page=1},
    pdf={https://www.kisa.or.kr/skin/doc.html?fn=20230519_110418_011.pdf&rs=/result/2023-05/}
    
}
@book{william2018comsys,
  title={컴퓨터시스템구조론},
  author={William Stallings},
  year={2018},
  publisher={성진미디어},
  translator={김종현},
  edition={tenth}
}

@misc{nvidia2009opencl,
  title  = {OpenCL Programming for the CUDA Architecture },
  author = {Nvidia},
  year   = {2009},
  pdf= {https://www.nvidia.com/content/cudazone/download/OpenCL/NVIDIA_OpenCL_ProgrammingOverview.pdf}
}
@online{elice2022gpu,
  title   = {
GPU란 무엇일까? 개념부터 활용 예시까지!},
  author  = {엘리스},
  year    = {2022},
  url     = {https://elice.io/newsroom/gpu_definition_and_exampless},
  urldate = {2023-11-15}
}
@online{datamadness2019tensor,
  title   = {
TensorFlow 2 - CPU vs GPU Performance Comparison},
  author  = {datamadness},
  year    = {2019},
  url     = {https://datamadness.github.io/TensorFlow2-CPU-vs-GPU},
  urldate = {2023-11-15}
}
@article{yonhap2023data,
 author  = {김경림},
 date    = {2023-06-09},
 title   = {[데이터로 본 엔비디아-②] 파이 크기의 딜레마…GPU 시장 독점해야},
 journal = {연합인포맥스},
 year={2023},
 url     = {https://news.einfomax.co.kr/news/articleView.html?idxno=4269373},
 urldate = {2023-11-15}
}
@online{nvidia2023matrix,
  title   = {
Matrix Multiplication Background User's Guide},
  author  = {nvidia},
  year    = {2023},
  url     = {https://docs.nvidia.com/deeplearning/performance/dl-performance-matrix-multiplication/index.html},
  urldate = {2023-11-15}
}
@online{nvidia2017tensor,
  title   = {
Programming Tensor Cores in CUDA 9},
  author  = {nvidia},
  year    = {2017},
  url     = {https://developer.nvidia.com/blog/programming-tensor-cores-cuda-9/},
  urldate = {2023-11-15}
}
@article{park2020gpu,
  title={GPU 에 내장된 행렬 연산에 특화된 코어를 사용한 인공 신경망의 가속},
  author={박상수 and 이원혁 and 정기석},
  journal={한국통신학회 학술대회논문집},
  pages={1081--1082},
  year={2020}
}
@misc{rombach2022highresolution,
      title={High-Resolution Image Synthesis with Latent Diffusion Models}, 
      author={Robin Rombach and Andreas Blattmann and Dominik Lorenz and Patrick Esser and Björn Ommer},
      year={2022},
      eprint={2112.10752},
      archivePrefix={arXiv},
      primaryClass={cs.CV}
}
@online{matthias2022training,
  title   = {
Training cost for Stable Diffusion was just \$600,000 and that is a good sign for AI progress},
  author  = {Matthias Bastian},
  year    = {2022},
  url     = {https://the-decoder.com/training-cost-for-stable-diffusion-was-just-600000-and-that-is-a-good-sign-for-ai-progress/},
  urldate = {2023-11-15}
}
@online{stability2022stable,
  title   = {
Stable Diffusion Public Release},
  author  = {stability.ai},
  year    = {2022},
  url     = {https://stability.ai/news/stable-diffusion-public-release},
  urldate = {2023-11-15}
}
@misc{radford2021learning,
      title={Learning Transferable Visual Models From Natural Language Supervision}, 
      author={Alec Radford and Jong Wook Kim and Chris Hallacy and Aditya Ramesh and Gabriel Goh and Sandhini Agarwal and Girish Sastry and Amanda Askell and Pamela Mishkin and Jack Clark and Gretchen Krueger and Ilya Sutskever},
      year={2021},
      eprint={2103.00020},
      archivePrefix={arXiv},
      primaryClass={cs.CV}
}
@online{wiki:Stable_Diffusion,
   author = "Wikipedia",
   title ="{Stable Diffusion} --- {W}ikipedia{,} The Free Encyclopedia",
   year = "2023",
   url={https://en.wikipedia.org/wiki/Stable_Diffusion},
    urldate = {2023-11-15}
}
@misc{touvron2023llama,
      title={LLaMA: Open and Efficient Foundation Language Models}, 
      author={Hugo Touvron and Thibaut Lavril and Gautier Izacard and Xavier Martinet and Marie-Anne Lachaux and Timothée Lacroix and Baptiste Rozière and Naman Goyal and Eric Hambro and Faisal Azhar and Aurelien Rodriguez and Armand Joulin and Edouard Grave and Guillaume Lample},
      year={2023},
      eprint={2302.13971},
      archivePrefix={arXiv},
      primaryClass={cs.CL}
}
@misc{touvron2023llama2,
      title={Llama 2: Open Foundation and Fine-Tuned Chat Models}, 
      author={Hugo Touvron and Louis Martin and Kevin Stone and Peter Albert and Amjad Almahairi and Yasmine Babaei and Nikolay Bashlykov and Soumya Batra and Prajjwal Bhargava and Shruti Bhosale and Dan Bikel and Lukas Blecher and Cristian Canton Ferrer and Moya Chen and Guillem Cucurull and David Esiobu and Jude Fernandes and Jeremy Fu and Wenyin Fu and Brian Fuller and Cynthia Gao and Vedanuj Goswami and Naman Goyal and Anthony Hartshorn and Saghar Hosseini and Rui Hou and Hakan Inan and Marcin Kardas and Viktor Kerkez and Madian Khabsa and Isabel Kloumann and Artem Korenev and Punit Singh Koura and Marie-Anne Lachaux and Thibaut Lavril and Jenya Lee and Diana Liskovich and Yinghai Lu and Yuning Mao and Xavier Martinet and Todor Mihaylov and Pushkar Mishra and Igor Molybog and Yixin Nie and Andrew Poulton and Jeremy Reizenstein and Rashi Rungta and Kalyan Saladi and Alan Schelten and Ruan Silva and Eric Michael Smith and Ranjan Subramanian and Xiaoqing Ellen Tan and Binh Tang and Ross Taylor and Adina Williams and Jian Xiang Kuan and Puxin Xu and Zheng Yan and Iliyan Zarov and Yuchen Zhang and Angela Fan and Melanie Kambadur and Sharan Narang and Aurelien Rodriguez and Robert Stojnic and Sergey Edunov and Thomas Scialom},
      year={2023},
      eprint={2307.09288},
      archivePrefix={arXiv},
      primaryClass={cs.CL}
}

@online{raghuraman2020introduction,
  title   = {
Introduction to Quantization on PyTorch},
  author  = {Raghuraman Krishnamoorthi and James Reed and Min Ni and Chris Gottbrath and Seth Weidman},
  year    = {2020},
  url     = {https://pytorch.org/blog/introduction-to-quantization-on-pytorch/},
  urldate = {2023-11-15}
}

@online{jarred2023stable,
  title   = {
Stable Diffusion Benchmarks: 45 Nvidia, AMD, and Intel GPUs Compared},
  author  = {Jarred Walton},
  year    = {2023},
  url     = {https://www.tomshardware.com/pc-components/gpus/stable-diffusion-benchmarks},
  urldate = {2023-11-15}
}
@Misc{xFormers2022,
  author =       {Benjamin Lefaudeux and Francisco Massa and Diana Liskovich and Wenhan Xiong and Vittorio Caggiano and Sean Naren and Min Xu and Jieru Hu and Marta Tintore and Susan Zhang and Patrick Labatut and Daniel Haziza},
  title =        {xFormers: A modular and hackable Transformer modelling library},
  howpublished = {\url{https://github.com/facebookresearch/xformers}},
  year =         {2022}
}
@online{jarred2023howtorun,
  title   = {
How to Run a ChatGPT Alternative on Your Local PC},
  author  = {Jarred Walton},
  year    = {2023},
  url     = {https://www.tomshardware.com/news/running-your-own-chatbot-on-a-single-gpu},
  urldate = {2023-11-15}
}